

@inproceedings{www2016,
	author = {Oren Sar-Shalom and Noam Koenigstein and Ulrich Paquet and Hastagiri P. Vanchinathan},
	title = {Beyond Collaborative Filtering: The List Recommendation Problem},
	booktitle = {Proceedings of WWW Conference},
	year = {2016},
} 

@inproceedings{Hybrid_recsys,
	author = {Burke, Robin},
	title = {Hybrid Recommender Systems: Survey and Experiments},
	booktitle = {User Modeling and User-Adapted Interaction},
	year = {2002}
} 


@article{playlist_survey,
	author = {Bonnin, Geoffray and Jannach, Dietmar},
	title = {Automated Generation of Music Playlists: Survey and Experiments},
	journal = {ACM Comput. Surv.},
	year = {2015}
} 

@InProceedings{Mcfee_learningsimilarity_CF,
	author = "Mcfee, Brian and Barrington, Luke and Lanckriet, Gert",
	title = {Learning Similarity from Collaborative Filters},
	year = 2010,
	booktitle = "Proceedings of ISMIR Conference",
}

@article{ReynoldsQD00,
	title = {Speaker verification using Adapted Gaussian mixture models},
	author = {Reynolds, Douglas A. and Quatieri, Thomas F. and Dunn, Robert B.},
	journal = {Digital Signal Processing},
	year = 2000
}

@article{item2vec,
 title={Item2Vec: Neural Item Embedding for Collaborative Filtering},
  author={Barkan, Oren and Koenigstein, Noam},
  journal={arXiv preprint arXiv:1603.04259},
  year={2016}
}


@article{Bogdanov_content,
	author = {Bogdanov, Dmitry and Haro, Mart\'{\i}N and Fuhrmann, Ferdinand and Xamb\'{o}, Anna and G\'{o}Mez, Emilia and Herrera, Perfecto},
	title = {Semantic Audio Content-based Music Recommendation and Visualization Based on User Preference Examples},
	journal = {Inf. Process. Manage.},
	issue_date = {January, 2013},
	year=2013
} 

@InProceedings{SlaneyEtAl_2008_LearAMetrFor,
	author = "Slaney, Malcolm and Weinberger, Kilian and White, William",
	title = {Learning a Metric for Music Similarity},
	year = 2008,
	booktitle = "Proceedings of ISMIR Conference",
}

@InProceedings{McfeeEtAl_2009_HeteEmbeForSubj,
	author = "Mcfee, Brian and Lanckriet, Gert",
	title = {Heterogeneous Embedding for Subjective Artist Similarity},
	year = 2009,
	booktitle = "Proceedings of ISMIR Conference"
}

@INPROCEEDINGS{Pauws:ISMIR02,
	author = {Steffen Pauws},
	title = {PATS: Realization and user evaluation of an automatic playlist generator},
	booktitle = {Proceedings of ISMIR Conference},
	year = {2002}
}


@inproceedings{a2mf,
	author       = {van den Oord, A{\"a}ron and Dieleman, Sander and Schrauwen, Benjamin},
	title        = {Deep content-based music recommendation},
	booktitle    = {Advances in Neural Information Processing Systems 26 (2013)},
	publisher    = {Proceedings of NIPS Conference},
	year         = {2013}
}

@InProceedings{DoplerEtAl_2008_AcceMusiCollVia,
	author = "Dopler, Markus and Schedl, Markus and Pohle, Tim and Knees, Peter",
	title = {Accessing Music Collections via Representative Cluster Prototypes in a Hierarchical Organization Scheme},
	year = 2008,
	booktitle = "Proceedings of ISMIR Conference"
}

@InProceedings{Lee2011,
	author = {Lee, J.H.},
	booktitle = {Proceedings of ISMIR Conference},
	title = {How Similar Is Too Similar ?: Exploring Users ' Perceptions of Similarity in Playlist Evaluation},
	year = {2011}
}

@InProceedings{NIPS2012_4609,
	title = {Bayesian models for Large-scale Hierarchical Classification},
	author = {Siddharth Gopal and Yiming Yang and Bing Bai and Alexandru Niculescu-mizil},
	booktitle = {Proceedings of NIPS},
	year = {2012}
}

@InProceedings{Cai2004,
	author = {Cai, Lijuan and Hofmann, Thomas},
	booktitle = {Proceedings of CIKM Conference},
	title = {Hierarchical Document Categorization with Support Vector Machines Categories and Subject Descriptors},
	year = {2004}
}

@inproceedings{Zhou2011,
	author = {Zhou, Dengyong and Xiao, Lin},
	booktitle = {Proceedings of ICML Conference},
	title = {Hierarchical Classification via Orthogonal Transfer},
	year = {2011}
}

@InProceedings{DecoroEtAl_2007_BayeAggrForHier,
	author = "Decoro, Christopher and Barutcuoglu, Zafer and Fiebrink, Rebecca",
	title = {Bayesian Aggregation for Hierarchical Genre Classification},
	year = 2007,
	booktitle = "Proceedings of ISMIR Conference"
}


@inproceedings{Pampalk2005,
	author    = {Elias Pampalk and Arthur Flexer and Gerhard Widmer},
	title     = {Hierarchical Organization and Description of Music Collections at the Artist Level},
	booktitle = {Proceedings of ECDL},
	year      = {2005}
}


@inproceedings{Dror2011,
	author = {Dror, Gideon and Koenigstein, Noam and Koren, Yehuda},
	booktitle = {Proceedings of RecSys Conference},
	title = {Yahoo ! Music Recommendations : Modeling Music Ratings with Temporal Dynamics and Item Taxonomy},
	year = {2011}
}
@inproceedings{Mnih2012,
  author    = {Andriy Mnih},
  title     = {Taxonomy-Informed Latent Factor Models for Implicit Feedback},
  booktitle = {JMLR W\&CP Volume  18},
  pages     = {169--181},
  year      = {2012},
}


@inproceedings{Barrington2009,
	author = {Barrington, Luke and Oda, Reid and Lanckriet, Gert},
	booktitle = {Proceedings ISMIR Conference},
	title = {Smarter than genius? human evaluation of music recommender systems},
	year = {2009}
}

@inproceedings{Logan2002,
	author = {Logan, Beth},
	booktitle = {Proceedings ISMIR Conference},
	title = {Content-Based Playlist Generation: Exploratory Experiments},
	year = {2002}
}

@inproceedings{Logan2004,
	author = {Logan, Beth},
	booktitle = {Proceedings ISMIR Conference},
	title = {Music Recommendation from Song Sets},
	year = {2004}
}

@inproceedings{Mcfee2011,
	author = {Mcfee, Brian and Lanckriet, Gert},
	booktitle = {Proceedings ISMIR Conference},
	title = {The Natural Language of Playlists},
	year = {2011}
}

@InProceedings{MailletEtAl_2009_SteePlayGeneBy,
	author = "Maillet, Fran√ßois and Eck, Douglas and Desjardins, Guillaume and Lamere, Paul",
	title = {Steerable Playlist Generation by Learning Song Similarity from Radio Station Playlists},
	year = 2009,
	booktitle = "Proceedings ISMIR Conference"
}

@inproceedings{EliasPampalkTimTimPohle2005,
	author = {Elias Pampalk Tim and Tim Pohle and Gerhard Widmer},
	booktitle = {Proceedings ISMIR Conference},
	title = {Dynamic Playlist Generation Based On Skipping Behavior},
	year = {2005}
}




@inproceedings{personalized_playlist_schedl,
	author    = {Bruce Ferwerda and Markus Schedl},
	title     = {Enhancing Music Recommender Systems with Personality Information and Emotional States: {A} Proposal},
	booktitle = {Proceedings of UMAP Conference},
	year      = {2014}
}

@book{Celma_music_book,
	author = {Celma, Oscar},
	title = {Music Recommendation and Discovery: The Long Tail, Long Fail, and Long Play in the Digital Music Space},
	year = {2010},
	publisher = {Springer}
} 

@article{McFee_multi_similarities,
	author    = {Brian McFee and Gert Lanckriet},
	title     = {Learning Multi-modal Similarity},
	journal   = {Journal of Machine Learning},
	year      = {2011}
}


@ARTICLE{MacKay92,
	author = {David J.C. MacKay},
	title = {The Evidence Framework applied to Classification Networks},
	journal = {Neural Computation},
	year = {1992}
}

@inproceedings{LogisticBound,
	author = {Tommi S. Jaakkola and Michael I. Jordan},
	title = {A variational approach to Bayesian logistic regression models and their extensions},
	year = {1996},
	booktitle   = {Workshop on Artificial Intelligence and Statistics}
}

@article{VB_Methods,
	author = {Jordan, Michael I. and Ghahramani, Zoubin and Jaakkola, Tommi S. and Saul, Lawrence K.},
	title = {An Introduction to Variational Methods for Graphical Models},
	journal = {Journal of Machine Learning},
	year = {1999}
} 


@book{Bishop,
	author = {Bishop, Christopher M.},
	title = {Pattern Recognition and Machine Learning (Information Science and Statistics)},
	year = {2006},
	publisher = {Springer-Verlag New York, Inc.}
} 


@inproceedings{DBLP:conf/recsys/TurrinQCPC15,
  author    = {Roberto Turrin and Massimo Quadrana and Andrea Condorelli and Roberto Pagano and Paolo Cremonesi},
  title     = {30Music Listening and Playlists Dataset},
  booktitle = {Proceedings of RecSys Conference},
  year      = {2015}
}



%%%%%
% Click Prediction
%%%%%

@article{Nelder-Mead,
	author    = {J. A. Nelder and R. Mead},
	title     = {A Simplex Method for Function Minimization},
	journal   = {The Computer Journal},
	year      = {1965}
}

@inproceedings{McMahan:2013,
	author = {McMahan, H. Brendan and Holt, Gary and Sculley, D. and Young, Michael and Ebner, Dietmar and Grady, Julian and Nie, Lan and Phillips, Todd and Davydov, Eugene and Golovin, Daniel and Chikkerur, Sharat and Liu, Dan and Wattenberg, Martin and Hrafnkelsson, Arnar Mar and Boulos, Tom and Kubica, Jeremy},
	title = {Ad Click Prediction: A View from the Trenches},
	booktitle = {Proceedings of the 19th ACM SIGKDD International Conference on Knowledge Discovery and Data Mining},
	series = {Proceedings of KDD Conference},
	year = {2013}
} 


@inproceedings{graepel2010web,
	title={Web-scale bayesian click-through rate prediction for sponsored search advertising in microsoft's bing search engine},
	author={Graepel, Thore and Candela, Joaquin Q and Borchert, Thomas and Herbrich, Ralf},
	booktitle={Proceedings of ICML Conference},
	year={2010}
}


@inproceedings{Cheng:2010,
	author = {Cheng, Haibin and Cant\'{u}-Paz, Erick},
	title = {Personalized Click Prediction in Sponsored Search},
	booktitle = {Proceedings of WSDM},
	year = {2010}
} 

@inproceedings{Shaparenko:2009,
	author = {Shaparenko, Benyah and Cetin, Ozgur and Iyer, Rukmini},
	title = {Data-driven Text Features for Sponsored Search Click Prediction},
	booktitle = {Proceedings of ADKDD Workshop},
	year = {2009}
} 



%%%%%
% References from RecSys reviews
%%%%%


@article{zhou2010solving,
	author = {Zhou, T. and Kuscsik, Z. and Liu, J.G. and Medo, M. and Wakeling, J.R. and Zhang, Y.C.},
	journal = {Proceedings of PNAS},
	number = 10,
	pages = {4511--4515},
	publisher = {National Acad Sciences},
	title = {Solving the apparent diversity-accuracy dilemma of recommender systems},
	year = 2010
}

@article{10.1109/TKDE.2011.15,
	author = {Gediminas Adomavicius and YoungOk Kwon},
	title = {Improving Aggregate Recommendation Diversity Using Ranking-Based Techniques},
	journal ={IEEE Transactions on Knowledge and Data Engineering},
	volume = {24},
	number = {5},
	issn = {1041-4347},
	year = {2012},
	pages = {896-911}
}

@inproceedings{Zhang:2012,
	author = {Zhang, Yuan Cao and S{\'e}aghdha, Diarmuid \'{O} and Quercia, Daniele and Jambor, Tamas},
	title = {Auralist: Introducing Serendipity into Music Recommendation},
	booktitle = {Proceedings of the Fifth ACM International Conference on Web Search and Data Mining},
	series = {WSDM '12},
	year = {2012},
	pages = {13--22}
} 


@inproceedings{Rodriguez:2012,
	author = {Rodriguez, Mario and Posse, Christian and Zhang, Ethan},
	title = {Multiple Objective Optimization in Recommender Systems},
	booktitle = {Proceedings of the Sixth ACM Conference on Recommender Systems},
	series = {RecSys '12},
	year = {2012},
	pages = {11--18}
} 

@inproceedings{Jambor:2010,
	author = {Jambor, Tamas and Wang, Jun},
	title = {Optimizing Multiple Objectives in Collaborative Filtering},
	booktitle = {Proceedings of the Fourth ACM Conference on Recommender Systems},
	series = {RecSys '10},
	year = {2010},
	location = {Barcelona, Spain},
	pages = {55--62}
} 


%%%%%
% General Machine Learning Papers
%%%%%


@inproceedings{EnsembleMethods,
	author = {Dietterich, Thomas G.},
	title = {Ensemble Methods in Machine Learning},
	booktitle = {Proceedings of the First International Workshop on Multiple Classifier Systems},
	series = {MCS '00},
	year = {2000},
	pages = {1--15}
} 


%%%%%
% List Recommendations
%%%%%

@inproceedings{OffPolicyOriginal,
	author    = {Alexander L. Strehl and
	John Langford and
	Lihong Li and
	Sham Kakade},
	title     = {Learning from Logged Implicit Exploration Data},
	booktitle = {Advances in Neural Information Processing Systems 23},
	pages     = {2217--2225},
	year      = {2010}
}

@article{Goldberg92,
	author = {Goldberg, David and Nichols, David and Oki, Brian M. and Terry, Douglas},
	title = {Using Collaborative Filtering to Weave an Information Tapestry},
	journal = {Commun. ACM},
	issue_date = {Dec. 1992},
	volume = {35},
	number = {12},
	month = dec,
	year = {1992}, 
	pages = {61--70}
}

@inproceedings{Resnick94,
	author = {Resnick, Paul and Iacovou, Neophytos and Suchak, Mitesh and Bergstrom, Peter and Riedl, John},
	title = {GroupLens: An Open Architecture for Collaborative Filtering of Netnews},
	booktitle = {Proceedings of the 1994 ACM Conference on Computer Supported Cooperative Work},
	series = {CSCW '94},
	year = {1994},
	pages = {175--186}
}  

@INPROCEEDINGS{NormalBasedFeatureSelection,
	author = {Dunja Mladeni\'{c} and Janez Brank},
	title = {Feature selection using linear classifier weights: interaction with classification models},
	booktitle = {Proceedings of the 27th international ACM SIGIR conference on Research and development in information retrieval},       
	year = {2004}
}

@inproceedings{Sarwar01,
	author = {Sarwar, Badrul and Karypis, George and Konstan, Joseph and Riedl, John},
	title = {Item-based Collaborative Filtering Recommendation Algorithms},
	booktitle = {Proceedings of WWW Conference},
	year = {2001},
} 

@article{friedman2001greedy,
	title={Greedy function approximation: a gradient boosting machine},
	author={Friedman, Jerome H},
	journal={Annals of Statistics},
	pages={1189--1232},
	year={2001}
}

@article{hanley1982meaning,
	title={The meaning and use of the area under a receiver operating characteristic (ROC) curve.},
	author={Hanley, James A and McNeil, Barbara J},
	journal={Radiology},
	volume={143},
	number={1},
	pages={29--36},
	year={1982}
}


%%%%%
% Classic Recommendations Papers: Collaborative Filtering / Matrix Factorization / etc.
%%%%%

@inproceedings{Koren09Kdd,
	author = {Koren, Yehuda},
	title = {Collaborative Filtering with Temporal Dynamics},
	booktitle = {Proceedings of KDD Conference},
	year = {2009}
} 

@inproceedings{xiong10Sdm,
	author    = {Liang Xiong and
	Xi Chen and
	Tzu{-}Kuo Huang and
	Jeff G. Schneider and
	Jaime G. Carbonell},
	title     = {Temporal Collaborative Filtering with Bayesian Probabilistic Tensor
	Factorization},
	booktitle = {Proceedings of the {SIAM} International Conference on Data Mining,
	{SDM} 2010},
	pages     = {211--222},
	year      = {2010},
}

@article{KorenBV09,
	author    = {Yehuda Koren and Robert M. Bell and Chris Volinsky},
	title     = {Matrix Factorization Techniques for Recommender Systems},
	journal   = {IEEE Computer},
	year      = {2009},
	volume    = {42},
	number    = {8},
	pages     = {30-37}
}

@inproceedings{xbox-www,
	author = {Paquet, Ulrich and Koenigstein, Noam},
	title = {One-class collaborative filtering with random graphs},
	booktitle = {Proceedings of WWW Conference},
	year = {2013}
} 


@inproceedings{recsys13_features,
	author    = {Noam Koenigstein and Ulrich Paquet},
	title     = {Xbox Movies Recommendations: Variational {B}ayes Matrix Factorization with Embedded Feature Selection},
	booktitle = {Proceedings of RecSys Conference},
	year      = {2013}
}


@inproceedings{netflix,
	author    = "J. Bennett and S. Lanning",
	title     = "The {N}etflix {P}rize",
	booktitle = "Proc. KDD Cup and Workshop",
	year     = "2007"
}


@inproceedings{KDD_Cup11,
	Author = {Gideon Dror and Noam Koenigstein and Yehuda Koren and Markus Weimer},
	Booktitle = {Proceedings of KDD Conference},
	Title = {The {Y}ahoo!~Music Dataset and {KDD-Cup'11}},
	Year = {2011}
}





@inproceedings{cold_start,
	author = {Andrew I. Schein and Alexandrin Popescul and Lyle H. Ungar and David M. Pennock},
	booktitle = {Proceedings of ACM SIGIR Conference},
	title = {Methods and metrics for cold-start recommendations},
	year = 2002
}

@inproceedings{Hu_2008,
	author    = {Y.~F.~Hu and Y.~Koren and C.~Volinsky},
	title     = {Collaborative Filtering for Implicit Feedback Datasets},
	booktitle = {IEEE International Conference on Data Mining},
	year      = {2008}
}


@inproceedings{BPR,
	author = {Rendle, Steffen and Freudenthaler, Christoph and Gantner, Zeno and Schmidt-Thieme, Lars},
	booktitle = {UAI '09: Proceedings of the 25th Conference on Uncertainty in Artificial Intelligence},
	title = {{BPR}: {B}ayesian Personalized Ranking from Implicit Feedback},
	year = 2009
}

@inproceedings{Weimer:2008ys, 
	Author = {Markus Weimer and Alexandros Karatzoglou and Quoc Viet Le and Alexander J. Smola}, 
	Booktitle = {Advances in Neural Information Processing Systems 20}, 
	Pages = {1593--1600},
	Title = {COFI RANK - Maximum Margin Matrix Factorization for Collaborative Ranking}, 
	Year = {2008}, 
}

@inproceedings{Shi10,
	title={List-wise learning to rank with matrix factorization for collaborative filtering},
	author={Shi, Yue and Larson, Martha and Hanjalic, Alan},
	booktitle={Proceedings of the 4th ACM Conference on Recommender Systems},
	pages={269--272},
	year={2010}
}

@inproceedings{Liu08,
	title={Eigenrank: a ranking-oriented approach to collaborative filtering},
	author={Liu, Nathan N and Yang, Qiang},
	booktitle={Proceedings of the 31st ACM SIGIR Conference on Research and Development in Information Retrieval},
	pages={83--90},
	year={2008}
}

@inproceedings{Rendle12,
	title={Learning recommender systems with adaptive regularization},
	author={Rendle, Steffen},
	booktitle={Proceedings of the 5th ACM Conference on Web Search and Data Mining},
	pages={133--142},
	year={2012}
}

@inproceedings{CLiMF_RecSys12_BestPaper,
	author = {Shi, Yue and Karatzoglou, Alexandros and Baltrunas, Linas and Larson, Martha and Oliver, Nuria and Hanjalic, Alan},
	title = {CLiMF: Learning to Maximize Reciprocal Rank with Collaborative Less-is-more Filtering},
	booktitle = {Proceedings of the 6th ACM Conference on Recommender Systems},
	series = {RecSys '12},
	year = {2012},
	pages = {139--146}
} 

@inproceedings{Li10,
	title={A contextual-bandit approach to personalized news article recommendation},
	author={Li, Lihong and Chu, Wei and Langford, John and Schapire, Robert E},
	booktitle={Proceedings of the 19th International Conference on World Wide Web},
	pages={661--670},
	year={2010}
}

@inproceedings{Tang14,
	title={Ensemble contextual bandits for personalized recommendation},
	author={Tang, Liang and Jiang, Yexi and Li, Lei and Li, Tao},
	booktitle={Proceedings of the 8th ACM Conference on Recommender Systems},
	pages={73--80},
	year={2014}
}

@inproceedings{Tang13,
	title={Automatic ad format selection via contextual bandits},
	author={Tang, Liang and Rosales, Romer and Singh, Ajit and Agarwal, Deepak},
	booktitle={Proceedings of the 22nd ACM International Conference on Information and Knowledge Management},
	pages={1587--1594},
	year={2013}
}

@inproceedings{Vanchinathan14,
	title={Explore-exploit in top-N recommender systems via Gaussian processes},
	author={Vanchinathan, Hastagiri P and Nikolic, Isidor and De Bona, Fabio and Krause, Andreas},
	booktitle={Proceedings of the 8th ACM Conference on Recommender Systems},
	pages={225--232},
	year={2014}
}

@inproceedings{Ziegler05,
	title={Improving recommendation lists through topic diversification},
	author={Ziegler, Cai-Nicolas and McNee, Sean M and Konstan, Joseph A and Lausen, Georg},
	booktitle={Proceedings of the 14th International Conference on World Wide Web},
	pages={22--32},
	year={2005}
}

@inproceedings{Cremonesi10,
	title={Performance of recommender algorithms on top-n recommendation tasks},
	author={Cremonesi, Paolo and Koren, Yehuda and Turrin, Roberto},
	booktitle={Proceedings of the 4th ACM Conference on Recommender Systems},
	pages={39--46},
	year={2010}
}

@inproceedings{Xiang10,
	title={Temporal recommendation on graphs via long-and short-term preference fusion},
	author={Xiang, Liang and Yuan, Quan and Zhao, Shiwan and Chen, Li and Zhang, Xiatian and Yang, Qing and Sun, Jimeng},
	booktitle={Proceedings of the 16th ACM SIGKDD international conference on Knowledge discovery and data mining},
	pages={723--732},
	year={2010}
}

@inproceedings{Lathia10,
	title={Temporal diversity in recommender systems},
	author={Lathia, Neal and Hailes, Stephen and Capra, Licia and Amatriain, Xavier},
	booktitle={Proceedings of the 33rd international ACM SIGIR conference on Research and development in information retrieval},
	pages={210--217},
	year={2010}
}

@Inproceedings {Radlinski_diversity,
	author       = {Filip Radlinski and Robert Kleinberg and Thorsten Joachims},
	booktitle    = {Proceedings of the International Conference on Machine Learning (ICML)},
	title        = {Learning Diverse Rankings with Multi-Armed Bandits},
	year         = {2008},
}

@INPROCEEDINGS{DPPs,
	author={Affandi, R.H. and Fox, E.B. and Adams, R.P. and Taskar, B.},
	title={Learning the Parameters of Determinantal Point Process Kernels},
	booktitle = {ICML},
	year = {2014},
	month = {June},
}

@inproceedings{Auer95,
	author    = {Peter Auer and
	Nicol{\`{o}} Cesa{-}Bianchi and
	Yoav Freund and
	Robert E. Schapire},
	title     = {Gambling in a Rigged Casino: The Adversarial Multi-Arm Bandit Problem},
	booktitle = {FOCS},
	year      = {1995},
}

@article{Maaten2008,
author = {Maaten, Laurens Van Der and Hinton, Geoffrey},
journal = {Journal of Machine Learning Research},
title = {Visualizing Data using t-SNE},
year = {2008}
}

@article{AUCref,
  author = {Fawcett, Tom},
  title = {An introduction to ROC analysis},
  journal = {Pattern Recognition Letters},
  pages = {861--874},
  volume = 27,
  year = 2006
}


@inproceedings{Cunningham:06,
    author = {Cunningham, S. J. and Bainbridge, D. and Falconer, A.},
    booktitle = {Proc. ISMIR},
    citeulike-article-id = {2625736},
    keywords = {mood},
    posted-at = {2008-04-03 11:45:06},
    priority = {0},
    title = {{More of an Art than a Science': Supporting the Creation of Playlists and Mixes}},
    year = {2006}
}

@article{Pauws2008647,
title = "Music playlist generation by adapted simulated annealing ",
journal = "Information Sciences ",
volume = "178",
number = "3",
pages = "647 - 662",
year = "2008",
note = "Including Special Issue ‚ÄúAmbient Intelligence‚Äù ",
issn = "0020-0255",
doi = "http://dx.doi.org/10.1016/j.ins.2007.08.019",
url = "http://www.sciencedirect.com/science/article/pii/S0020025507004045",
author = "Steffen Pauws and Wim Verhaegh and Mark Vossen",
keywords = "Local search",
keywords = "Simulated annealing",
keywords = "Music playlist generation",
keywords = "Music retrieval "
}

@inproceedings{Knees:2006,
 author = {Knees, Peter and Pohle, Tim and Schedl, Markus and Widmer, Gerhard},
 title = {Combining Audio-based Similarity with Web-based Data to Accelerate Automatic Music Playlist Generation},
 booktitle = {Proceedings of the 8th ACM International Workshop on Multimedia Information Retrieval},
 series = {MIR '06},
 year = {2006},
 isbn = {1-59593-495-2},
 location = {Santa Barbara, California, USA},
 pages = {147--154},
 numpages = {8},
 url = {http://doi.acm.org/10.1145/1178677.1178699},
 doi = {10.1145/1178677.1178699},
 acmid = {1178699},
 publisher = {ACM},
 address = {New York, NY, USA},
 keywords = {automatic playlist generation, music information retrieval, music similarity, traveling salesman problem, web-based artist similarity},
}

@inproceedings{Jannach:2015,
 author = {Jannach, Dietmar and Lerche, Lukas and Kamehkhosh, Iman},
 title = {Beyond "Hitting the Hits": Generating Coherent Music Playlist Continuations with the Right Tracks},
 booktitle = {Proceedings of the 9th ACM Conference on Recommender Systems},
 series = {RecSys '15},
 year = {2015},
 isbn = {978-1-4503-3692-5},
 location = {Vienna, Austria},
 pages = {187--194},
 numpages = {8},
 url = {http://doi.acm.org/10.1145/2792838.2800182},
 doi = {10.1145/2792838.2800182},
 acmid = {2800182},
 publisher = {ACM},
 address = {New York, NY, USA},
 keywords = {evaluation, music recommendation, quality factors},
} 

@inproceedings{Gillhofer2015,
author="Gillhofer, Michael
and Schedl, Markus",
editor="He, Xiangjian
and Luo, Suhuai
and Tao, Dacheng
and Xu, Changsheng
and Yang, Jie
and Hasan, Muhammad Abul",
title="Iron Maiden While Jogging, Debussy for Dinner?",
bookTitle="MultiMedia Modeling: 21st International Conference, MMM 2015, Sydney, NSW, Australia, January 5-7, 2015, Proceedings, Part II",
year="2015",
publisher="Springer International Publishing",
address="Cham",
pages="380--391",
isbn="978-3-319-14442-9",
doi="10.1007/978-3-319-14442-9_44",
url="http://dx.doi.org/10.1007/978-3-319-14442-9_44"
}

@inproceedings{Schedl:2015,
 author = {Schedl, Markus and Hauger, David},
 title = {Tailoring Music Recommendations to Users by Considering Diversity, Mainstreaminess, and Novelty},
 booktitle = {Proceedings of the 38th International ACM SIGIR Conference on Research and Development in Information Retrieval},
 series = {SIGIR '15},
 year = {2015},
 isbn = {978-1-4503-3621-5},
 location = {Santiago, Chile},
 pages = {947--950},
 numpages = {4},
 url = {http://doi.acm.org/10.1145/2766462.2767763},
 doi = {10.1145/2766462.2767763},
 acmid = {2767763},
 publisher = {ACM},
 address = {New York, NY, USA},
 keywords = {evaluation, music information retrieval, music recommendation, recommender systems, user modeling},
} 

@inproceedings{Hariri:2012,
 author = {Hariri, Negar and Mobasher, Bamshad and Burke, Robin},
 title = {Context-aware Music Recommendation Based on Latenttopic Sequential Patterns},
 booktitle = {Proceedings of the Sixth ACM Conference on Recommender Systems},
 series = {RecSys '12},
 year = {2012},
 isbn = {978-1-4503-1270-7},
 location = {Dublin, Ireland},
 pages = {131--138},
 numpages = {8},
 url = {http://doi.acm.org/10.1145/2365952.2365979},
 doi = {10.1145/2365952.2365979},
 acmid = {2365979},
 publisher = {ACM},
 address = {New York, NY, USA},
 keywords = {collaborative filtering, context-aware recommendation, recommender systems},
} 
